<record><leader>00000cas a22000007a 4500</leader><controlfield tag="001">13641049</controlfield><controlfield tag="008">860523d19241925scudr ne      0    0eng d</controlfield><datafield ind1=" " ind2=" " tag="010"><subfield code="a">sn 86063795 </subfield></datafield><datafield ind1=" " ind2=" " tag="040"><subfield code="a">KSH</subfield><subfield code="b">eng</subfield><subfield code="c">KSH</subfield><subfield code="d">NPT</subfield><subfield code="d">NPI</subfield><subfield code="d">KNP</subfield><subfield code="d">SVN</subfield><subfield code="d">OCLCQ</subfield></datafield><datafield ind1=" " ind2=" " tag="042"><subfield code="a">msc</subfield></datafield><datafield ind1="0" ind2=" " tag="130"><subfield code="a">Anderson independent (Anderson, S.C. : 1924)</subfield></datafield><datafield ind1="1" ind2="0" tag="245"><subfield code="a">Anderson independent.</subfield></datafield><datafield ind1=" " ind2=" " tag="260"><subfield code="a">Anderson, S.C. :</subfield><subfield code="b">Wilton E. Hall</subfield></datafield><datafield ind1=" " ind2=" " tag="300"><subfield code="a">v. :</subfield><subfield code="b">ill. ;</subfield><subfield code="c">60 cm.</subfield></datafield><datafield ind1=" " ind2=" " tag="310"><subfield code="a">Daily</subfield></datafield><datafield ind1="1" ind2=" " tag="362"><subfield code="a">Began in 1924; ceased in 1925.</subfield></datafield><datafield ind1=" " ind2=" " tag="588"><subfield code="a">Description based on: Vol. 1, no. 73 (Oct. 1, 1924).</subfield></datafield><datafield ind1=" " ind2="4" tag="651"><subfield code="a">Anderson County (S.C.)</subfield><subfield code="v">Newspapers.</subfield></datafield><datafield ind1=" " ind2=" " tag="752"><subfield code="a">United States</subfield><subfield code="b">South Carolina</subfield><subfield code="c">Anderson</subfield><subfield code="d">Anderson.</subfield></datafield><datafield ind1="0" ind2="7" tag="785"><subfield code="t">Anderson tribune</subfield><subfield code="w">(DLC)sn 86063794</subfield></datafield><datafield ind1="0" ind2="7" tag="785"><subfield code="t">Anderson independent and tribune</subfield><subfield code="w">(DLC)sn 93067655</subfield></datafield><datafield ind1="1" ind2=" " tag="029"><subfield code="a">AU@</subfield><subfield code="b">000025816082</subfield></datafield></record>